3506 5458
1353 497 1390 544 21

141 662 215 732 372.
241 666 284 732 73
293 669 302 727 ;
326 647 395 714 828
403 670 412 729 ;
438 645 523 713 Tro
550 668 653 727 1010;
679 645 830 714 formam
855 644 1035 733 passivam
1060 645 1232 714 habemus
1256 645 1291 712 in
1315 642 1395 712 Hel.

143 769 230 837 1050
255 757 271 788 ‘¹
286 751 346 820 vis
369 751 440 820 dici
465 763 626 820 mortuus
651 751 804 820 verbis?
819 803 848 835 η.

229 856 354 928 Verba
377 860 539 928 iurandi:
563 857 643 927 Hel.
667 860 743 948 978.

232 961 355 1034 Verba
377 965 613 1033 vaticinandi:
638 971 774 1042 θεσπίζω
798 988 876 1034 cum
901 988 973 1034 acc.
999 977 1035 1034 et
1059 965 1120 1034 ini.
1146 965 1182 1034 in
1217 965 1297 1034 Hel.
1333 966 1396 1054 148

142 1075 157 1104 ‘⁴
172 1069 347 1141 vaticinio
372 1095 428 1140 me
454 1073 558 1141 iussit
581 1073 713 1162 Apollo
737 1073 861 1141 sedem
886 1095 1021 1162 ponere
1037 1126 1066 1156 ,‚.

230 1178 400 1272 Denique
424 1183 537 1250 verba
555 1183 762 1272 gloriandi:
787 1181 874 1270 αὐχῶ
899 1191 978 1251 cuni
1015 1183 1111 1250 nudo
1146 1182 1207 1251 inl.
1244 1182 1279 1251 in
1314 1183 1393 1251 Alc.

139 1284 223 1374 675;
249 1310 332 1357 cum
356 1312 428 1358 acc.
455 1301 491 1356 et
516 1288 576 1358 inl.
603 1289 637 1357 in
662 1289 747 1358 Tro,
773 1313 839 1380 770
864 1290 1020 1358 “lovem
1057 1302 1091 1358 te
1127 1311 1337 1378 procreasse
1357 1315 1393 1372 „;

138 1401 292 1480 κομπάῑω
317 1397 352 1465 in
376 1397 455 1465 Alc.
480 1419 601 1488 324·25
629 1397 722 1466 “tibi
748 1397 916 1487 optimam
941 1398 1132 1487 coniugem
1150 1396 1233 1464 licet
1248 1395 1394 1484 gloriari

12 1563 14 1582 ,
139 1509 174 1566 te
199 1502 373 1574 habuisse
389 1558 418 1588 η.

12 1681 14 1712 ζ
278 1616 313 1695 c)
336 1610 438 1679 Nunc
463 1610 655 1679 dicendum
680 1623 735 1680 est
759 1611 804 1678 de
829 1609 952 1679 verbis
976 1631 1128 1699 quorum
1152 1609 1208 1678 vis
1234 1622 1289 1678 est
1316 1609 1367 1677 “f
1386 1649 1396 1660 ·

139 1713 313 1784 cultatem
338 1718 502 1800 habere„
531 1729 567 1785 et
594 1725 609 1756 ‘⁴
625 1717 828 1786 facultatem
854 1719 940 1786 dare
965 1717 1070 1786 alicui
1087 1769 1115 1801 „.
1141 1717 1178 1785 ln
1203 1716 1327 1807 primis
1345 1739 1396 1784 re·

12 1869 13 1876 κ
139 1819 297 1892 ferenda
318 1836 402 1892 sunt
427 1825 538 1892 verba
562 1847 654 1913 quae
678 1824 882 1913 significant
910 1831 924 1862 ‘¹
939 1823 1047 1912 posse}
1062 1875 1091 1905 „.

233 1933 366 2020 δὺγαμαι
402 1953 481 1999 cum
519 1931 614 1999 nudo
646 1931 847 2020 praesentis
892 1929 1069 1998 infinitivo
1107 1931 1325 1999 construitur
1360 1929 1395 1998 in

140 2034 222 2105 Alc.
247 2041 292 2128 63
318 2045 335 2077 “
350 2061 419 2106 non
445 2037 580 2128 poteris
604 2039 722 2110 omnia
746 2038 910 2106 obtinere
927 2061 962 2123 „;
979 2035 1059 2105 Hel.
1080 2039 1178 2127 12873
1202 2059 1281 2104 cum
1300 2038 1395 2106 nudo
1458 2115 1460 2122 Ι

141 2143 270 2213 aoristi
293 2145 355 2214 inl:
380 2179 400 2204 =
424 2145 616 2235 Tro-7775
641 2144 720 2214 Hel.
747 2166 821 2234 741,
850 2145 955 2232 1389;
980 2145 1043 2231 ἔχω
1068 2143 1103 2210 in
1126 2143 1205 2211 Alc.
1234 2165 1319 2232 1070
1334 2143 1395 2210 ubi

140 2267 224 2318 cum
262 2253 463 2342 praesentis
500 2237 773 2334 infinitivo·est;
805 2251 886 2326 Hel,
909 2273 991 2339 434;
1017 2273 1096 2320 cum
1122 2250 1183 2318 inl.
1211 2249 1332 2318 aoristi
1359 2249 1393 2316 in

141 2352 225 2425 Hel.
252 2381 317 2449 325
326 2385 334 2441 ;
366 2367 487 2449 πέφυκα
505 2365 543 2445 l:
568 2372 693 2426 natura
718 2370 753 2426 et
781 2359 901 2426 indole
927 2358 1109 2447 praeditus
1137 2369 1228 2442 sum)
1251 2356 1287 2424 in
1315 2355 1394 2423 Hel.

140 2467 211 2550 998
238 2474 339 2557 “ego
363 2469 415 2538 sic
439 2491 517 2538 sum
543 2493 563 2537 a
587 2481 713 2536 natura
737 2481 774 2536 ut
798 2490 912 2536 amem
938 2467 1149 2556 pietatem„.
1226 2505 1230 2513 ι

235 2574 357 2642 Verba
380 2587 576 2662 sequantur
600 2596 691 2662 quae
715 2572 935 2662 significant:
962 2577 977 2608 “
994 2570 1124 2654 lacere,
1142 2571 1321 2640 adducere
1339 2570 1396 2638 ali·

143 2698 254 2764 quem
278 2693 317 2748 ut
340 2681 426 2770 quid
451 2679 556 2748 faciat
572 2736 587 2766 „
614 2685 721 2769 tillon
746 2702 823 2747 com
849 2678 971 2747 dativo
996 2690 1031 2746 et
1056 2678 1233 2747 infinitivo
1250 2677 1284 2746 in
1310 2677 1394 2745 Tro.

147 2791 255 2877 1056;
278 2793 447 2878 καθίστημι
471 2789 506 2856 in
531 2789 610 2856 Alc.
634 2789 710 2876 283.

235 2894 358 2963 Verba
382 2918 473 2983 quae
498 2895 701 2984 significant
727 2901 891 2984 “tegere
909 2920 944 2980 „:
969 2896 1131 2978 ἀναγκάζω
1155 2915 1234 2962 cum
1260 2915 1331 2961 acc.
1362 2903 1397 2960 et

144 2997 208 3071 inf.
234 3001 271 3070 in
295 3003 374 3071 Alc.
398 3005 420 3072 6
447 3011 511 3072 “et
535 3026 591 3072 me
616 3003 755 3072 servire
779 3015 882 3092 pater
906 3003 1053 3092 coegit„
1066 3028 1075 3085 ;
1100 3001 1179 3070 Hel.
1204 3023 1287 3090 427;
1310 3022 1377 3089 974
1386 3023 1395 3081 ;
1507 3055 1510 3059 -

145 3111 293 3197 βιάζομαι
316 3110 395 3178 Alc.
422 3112 508 3178 1116
533 3111 654 3190 “Rex,
679 3110 780 3198 cogis
805 3132 861 3178 me
887 3111 1007 3179 lacere
1031 3119 1118 3179 haec
1133 3161 1162 3194 „.

238 3216 403 3306 Denique
428 3219 540 3287 verba
562 3219 747 3286 servandi:
771 3217 883 3306 ρὑμαι
896 3250 916 3276 =
932 3217 1010 3285 Alc.
1032 3240 1068 3285 11
1091 3222 1228 3306 “quem
1245 3240 1266 3284 a
1283 3228 1396 3284 morte

144 3327 274 3410 (θανεῖν)
298 3323 449 3392 liberavi
466 3377 493 3410 ,‚.

651 3705 814 3777 CAPUT
838 3706 896 3776 iv.
919 3805 920 3810 Ν

256 3950 307 4020 De
331 3950 512 4020 lnllntttvo
536 3955 622 4034 post
643 3951 838 4034 particulas
862 3949 937 4016 ὥστε
961 3960 997 4017 et
1020 3956 1088 4036 πρίν
1111 3957 1298 4035 usurpato.

168 4293 170 4300 ¹
238 4268 294 4337 De
319 4269 494 4338 infinitivo
518 4291 597 4336 cum
622 4269 697 4335 ὥστε
721 4267 911 4337 coniuncto
936 4270 1028 4337 bene
1052 4269 1209 4358 disputat
1241 4267 1403 4337 Wildius·

154 4376 240 4445 “De
265 4376 437 4466 particula
460 4377 534 4443 ὥστε
558 4373 820 4458 commentatio
847 4374 995 4461 Gorlitz,
1014 4376 1094 4442 1861
1111 4415 1140 4458 „·,
1166 4374 1289 4444 dicens
1306 4377 1399 4444 hunc

151 4484 364 4553 infinitivum
388 4483 567 4551 interdum
585 4482 855 4573 epexegeticam
873 4483 1005 4550 habere
1024 4482 1106 4565 vim,
1125 4481 1302 4550 interdum
1321 4504 1399 4550 con·

150 4590 347 4660 secutivam
372 4602 432 4658 aut
456 4589 608 4658 finalem.
