3506 5458
1361 472 1402 537 19

26 690 28 700 ¹
145 609 296 680 Achillis
322 611 527 681 ministrare
552 611 751 679 constituta
773 622 878 695 est„;
918 611 1019 693 126o;
1045 609 1281 700 compositum
1310 635 1401 698 προο·

147 725 249 785 ιάοοω
272 742 347 788 acc.
373 731 410 787 et
434 719 495 788 inf.
521 719 617 808 regit
640 719 676 788 in
700 718 779 788 Hel.
803 719 871 806 890
906 717 997 808 “qui
1026 739 1082 785 me
1119 715 1222 786 iussit
1257 717 1323 786 hoc
1358 719 1401 788 si-

147 824 320 914 gnificare
345 827 415 897 sibi
432 880 460 914 „.

236 933 433 1003 Praeterea
457 957 528 1002 non
554 933 651 1003 nulla
674 936 787 1004 verba
802 935 940 1007 dicendi
950 932 1249 1022 significationem
1266 933 1405 1003 iubendi

146 1039 207 1106 vel
231 1041 432 1130 imperandi
454 1041 604 1109 habent:
629 1039 713 1110 αὐδῶ
736 1040 805 1109 sibi
830 1039 993 1128 adiungit
1015 1039 1175 1108 dativum
1211 1051 1247 1108 et
1277 1040 1338 1109 inf.
1364 1041 1399 1110 in

147 1143 366 1232 Tro.1262;
392 1149 484 1215 εἰπεῖν
519 1170 599 1216 cum
636 1148 733 1216 nudo
768 1145 962 1216 infinitivo:
999 1145 1062 1214 cfr.
1096 1146 1176 1215 Hel.
1213 1148 1292 1215 1611
1335 1149 1400 1217 “in

148 1251 341 1324 Graeciam
368 1255 472 1324 iussit
495 1254 653 1344 dirigere
678 1255 797 1324 navim
813 1279 849 1339 n;
875 1255 944 1324 dat.
970 1277 1049 1322 cum
1067 1253 1129 1322 ins.
1146 1254 1183 1322 in
1200 1253 1399 1346 Hel.=1475;

145 1361 257 1429 ἐννέπω
282 1387 364 1433 cum
389 1365 459 1432 dat.
484 1376 522 1432 et
545 1363 607 1432 inf.
632 1363 667 1431 in
691 1363 771 1433 Alc.
799 1385 901 1454 1155;
931 1369 1009 1446 λέγω
1033 1385 1112 1431 cum
1150 1364 1246 1431 nudo
1279 1363 1339 1432 ins.
1364 1365 1399 1432 in

146 1467 230 1537 Hel.
252 1493 323 1562 950
347 1477 363 1508 “
380 1471 503 1540 dicunt
527 1493 607 1540 esse
633 1471 802 1560 generosi
828 1471 896 1539 viri
920 1471 956 1538 in
980 1470 1145 1539 adversis
1170 1472 1278 1539 rebus
1303 1471 1401 1540 lacri-

146 1597 225 1644 mas
248 1581 295 1647 ab
319 1578 434 1648 oculis
458 1577 622 1646 emittere
641 1601 677 1664 n;
703 1577 788 1646 Tro.
813 1599 895 1667 723;
922 1600 1001 1646 cum
1027 1577 1149 1646 dativo
1173 1577 1209 1645 in
1233 1571 1312 1648 Alc.
1335 1582 1402 1665 426

149 1685 350 1753 “omnibus
375 1683 560 1753 Thessalis
586 1685 719 1752 luctum
744 1684 849 1753 huius
873 1683 1035 1752 mulieris
1060 1706 1283 1755 communem
1320 1707 1401 1754 esse

147 1789 305 1877 edico„;
329 1791 416 1860 Tro.
444 1792 546 1878 1048;
571 1799 677 1882 φράζω
701 1813 781 1859 cum
806 1791 927 1860 dativo
963 1803 1000 1860 et
1036 1791 1097 1859 inf.
1127 1792 1162 1860 in
1199 1791 1278 1862 Hel.
1317 1817 1402 1883 1432

149 1901 165 1932 ‘⁴
179 1898 243 1986 qui
269 1901 367 1969 dicat
383 1899 473 1968 meis
489 1899 641 1988 satrapis
659 1911 696 1966 ut
714 1899 830 1968 serant
847 1899 1018 1990 nuptialia
1040 1922 1188 1969 munera
1204 1899 1240 1968 in
1257 1901 1401 1970 domum

147 2024 264 2075 meam
281 2032 319 2092 „;
336 2007 415 2076 Alc.
432 2008 500 2097 548
518 2014 534 2046 ‘¹
548 2006 741 2096 praefectis
759 2007 887 2076 manda
905 2007 1064 2075 ciborum
1082 2020 1121 2076 ut
1139 2009 1230 2076 adsit
1255 2008 1357 2097 copia
1372 2061 1400 2093 „.

237 2113 307 2182 Hic
332 2136 403 2181 non
430 2114 607 2181 nullorum
635 2115 826 2182 verborum
853 2113 1069 2181 mentionem
1085 2114 1203 2182 facere
1227 2114 1401 2183 debemus

147 2239 242 2305 quae
260 2220 524 2309 significatione
541 2220 646 2310 plane
665 2219 843 2288 contraria
859 2232 952 2287 sunt.
969 2219 1062 2288 Sunt
1079 2221 1191 2290 verba
1210 2223 1401 2303 cunctandi,

148 2327 306 2408 timendi,
330 2328 472 2396 verendi
493 2340 580 2395 eto:
606 2327 752 2414 αἰδοῦμαι
769 2327 803 2393 in
818 2326 896 2394 Alc.
919 2327 986 2415 823
998 2351 1006 2409 ;
1030 2329 1143 2416 ἅζομαι
1160 2327 1194 2395 in
1215 2327 1293 2396 Alc.
1319 2329 1401 2416 326;

148 2432 338 2524 αἱοχδνομαι
363 2433 398 2502 in
415 2434 494 2504 Hel.
512 2455 577 2526 415
595 2457 673 2501 cum
693 2433 788 2500 nudo
807 2433 886 2501 int:
908 2433 969 2501 “in
989 2434 1128 2502 turbam
1146 2433 1240 2502 enim
1257 2434 1401 2524 prodire

149 2543 412 2612 erubescebam
430 2597 443 2627 „
456 2565 464 2624 ;
490 2542 660 2630 ἀφίσταμαι
683 2541 763 2609 Hel.
788 2543 855 2631 536
879 2548 977 2630 “ego
995 2555 1113 2610 autem
1139 2543 1173 2610 id
1199 2543 1401 2634 percontari

149 2645 268 2730 palam
294 2647 446 2729 destiti„
460 2671 468 2728 ;
493 2648 570 2713 ὀκνῶ
595 2648 629 2715 in
654 2646 732 2715 Alc.
761 2647 832 2714 180.

240 2752 402 2820 Verbum
422 2751 630 2842 prohibendi
650 2755 759 2818 ιιοιλδω
782 2751 817 2818 ἰιι
843 2750 919 2818 Alc.
944 2753 1075 2841 89799.

288 2859 326 2942 b)
349 2858 549 2927 infinitivus
573 2859 704 2928 obiecti
729 2859 844 2927 locum
871 2859 1010 2928 obtinet
1033 2861 1139 2929 etiam
1175 2874 1256 2950 post
1290 2866 1404 2932 verba

149 2969 327 3036 sentiendi
347 2977 379 3036 et
402 2968 613 3036 declarandi.
1039 2957 1042 2966 ⁴

241 3077 331 3146 Post
355 3079 465 3145 verba
489 3077 689 3145 sentiendi:
714 3077 835 3145 Verba
860 3100 937 3145 cum
963 3077 1224 3166 significatione
1241 3104 1332 3170 quae
1350 3094 1404 3150 est

154 3189 169 3219 ‘⁴
185 3183 305 3253 videri
321 3209 360 3268 ‚,;
384 3185 471 3251 ἔοιιια
507 3207 584 3252 cum
610 3183 672 3252 ins.
698 3183 898 3272 praesentis
922 3185 957 3252 in
981 3185 1061 3253 Hel.
1100 3188 1186 3275 1639
1221 3192 1402 3256 “mortem

150 3305 325 3382 appetere
351 3293 487 3361 videris
502 3318 538 3380 „;
565 3297 661 3362 δονέοι
685 3316 764 3362 cum
790 3292 851 3362 inf.
876 3317 1010 3383 praes:
1035 3294 1098 3362 cfr.
1115 3296 1193 3365 Alc.
1212 3318 1277 3386 352
1286 3321 1295 3379 ;
1319 3318 1402 3386 9573

153 3399 243 3466 1066
251 3423 260 3481 ;
288 3420 390 3482 11213
414 3420 494 3466 cum
519 3399 641 3467 dativo
665 3421 842 3489 personae
866 3399 901 3467 in
919 3399 997 3467 Alc.
1014 3401 1098 3490 565;
1115 3422 1197 3490 793;
1214 3401 1299 3469 Tro.
1316 3423 1402 3489 433;

152 3525 237 3595 774;
261 3505 472 3594 Hel.·1392;
498 3529 578 3574 cum
603 3506 664 3576 inf.
689 3505 812 3574 aoristi
838 3506 872 3574 in
896 3505 976 3576 Hel.
1012 3528 1073 3597 55;
1105 3509 1189 3597 65&
1226 3531 1305 3576 cum
1342 3509 1402 3576 ins.

152 3612 327 3702 temporis
351 3613 502 3702 perfecti
528 3613 563 3682 in
587 3614 666 3682 Alc.
691 3614 735 3704 85
763 3613 927 3702 “optima
949 3614 1029 3683 visa
1054 3614 1181 3682 mulier
1198 3635 1284 3704 erga
1300 3636 1403 3683 suum

152 3717 322 3787 maritum
347 3717 459 3787 fuisse
474 3771 504 3802 ‚,.

246 3829 353 3893 Δοκεῖν
378 3826 559 3896 notionem
587 3830 739 3919 putandi
772 3828 920 3897 assumit
944 3829 1072 3897 etiam:
1097 3851 1176 3897 cum
1213 3831 1308 3898 nudo
1343 3830 1404 3899 ins.

154 3933 561 4023 praesentisreperitur
585 3936 619 4004 in
646 3936 731 4006 Tro.
756 3939 837 4033 728;
865 3939 967 4024 124&
991 3937 1070 4006 Hel.
1095 3960 1138 4029 35
1148 3964 1156 4022 ς
1191 3943 1275 4031 576;
1302 3943 1403 4028 1386;

156 4064 237 4109 cum
261 4041 322 4110 inf.
349 4041 457 4110 futuri
483 4043 518 4111 in
543 4044 621 4112 Alc.
645 4045 728 4131 844;
758 4067 859 4133 1134;
885 4068 971 4114 acc.·
993 4069 1072 4114 cum
1108 4047 1169 4115 inf.
1205 4047 1405 4138 praesentis

157 4161 212 4216 est
236 4148 272 4216 in
296 4148 375 4217 Alc.
399 4153 443 4239 53
451 4175 460 4234 ;
484 4151 568 4238 691;
593 4150 673 4219 Hel.
697 4153 780 4235 611;
806 4155 888 4242 7483
916 4175 1019 4242 1205;
1044 4176 1123 4221 cum
1150 4154 1210 4223 ins.
1229 4155 1351 4224 aoristi
1369 4155 1404 4223 in

156 4253 242 4323 Tro.
267 4277 333 4345 972
361 4263 460 4346 “ego
481 4257 656 4344 Junonem
681 4271 717 4326 et
743 4258 920 4347 virginem
944 4259 1126 4330 Palladem
1163 4285 1233 4330 non
1270 4287 1313 4333 eo
1349 4263 1405 4332 de·

158 4360 312 4432 mentiae
337 4364 482 4433 venisse
507 4377 592 4454 puto
607 4393 647 4450 „3
671 4363 752 4434 Hel.
776 4369 863 4454 2893
887 4387 931 4456 55
940 4391 948 4450 ;
972 4369 1048 4456 954'.

246 4468 330 4538 Alia
353 4471 465 4539 verba
483 4472 635 4561 putandi
657 4494 736 4540 cum
760 4472 959 4542 infinitivo:
996 4478 1112 4552 δοξάζω
1147 4499 1226 4545 cum
1263 4499 1334 4546 acc.
1371 4492 1408 4548 et

158 4574 219 4643 ins.
244 4575 280 4642 in
297 4575 389 4672 Tro.
415 4598 479 4667 347
511 4580 709 4667 “putabam
746 4579 923 4667 quondam
961 4594 996 4648 te
1032 4583 1291 4651 celebraturam
1324 4606 1405 4653 esse
