3506 5458
1357 463 1397 534 Ι5

144 624 360 694 954;1027;
389 606 490 686 1218;
514 604 594 673 Hel.
619 605 681 686 86;
706 626 790 692 3295
815 626 894 695 7543
918 627 1002 695 907;
1037 607 1121 693 918;
1154 627 1259 694 1034;
1294 628 1396 695 1073;

147 713 380 802 1083;1293;
409 734 513 802 1407;
542 732 643 803 1415;
682 734 785 800 1434;
824 714 920 801 1636.
960 713 1120 782 Verbum
1157 713 1396 802 impersonale

143 827 206 908 χρή
232 843 312 890 cum
336 821 451 890 verbo
476 826 577 908 μέλειν
607 821 834 890 coniunctum
860 823 895 889 in
919 821 998 890 Alc.
1038 844 1122 910 1034
1161 821 1254 890 “tibi
1290 843 1396 889 curae

145 949 228 995 esse
252 928 342 996 hanc
367 927 553 997 mulierem
578 939 720 1017 oportet
737 983 764 1014 „.
790 931 893 1016 Χρεὼν
917 951 996 996 cum
1022 929 1118 998 nudo
1150 928 1326 996 infinitivo
1351 928 1396 995 le·

145 1033 245 1120 gitur
269 1034 302 1102 in
326 1033 412 1102 Tro.
437 1056 521 1121 294;
548 1056 627 1102 cum
652 1057 723 1102 aec.
750 1045 785 1101 et
810 1033 889 1102 int:
915 1034 977 1102 cfr.
1003 1033 1081 1102 Alc.
1106 1057 1165 1123 27;
1196 1055 1263 1122 523
1294 1039 1395 1101 “non

144 1142 218 1210 scis
243 1143 364 1228 fatum,
388 1145 484 1232 quod
522 1143 644 1212 subire
681 1166 759 1212 eam
795 1143 1018 1233 oportet?„;
1053 1145 1136 1230 619;
1175 1163 1269 1229 1092.
1306 1141 1397 1211 Cum

143 1250 322 1341 participii
337 1252 542 1320 accusativo
558 1263 595 1319 et
612 1251 789 1319 infinitivo
806 1250 1036 1340 coniungitur
1052 1251 1086 1318 in
1104 1250 1183 1318 Alc.
1201 1271 1267 1339 799
1287 1257 1302 1286 “
1317 1271 1395 1317 cum

143 1340 259 1426 simus
272 1359 451 1441 mortales
466 1357 630 1426 mortalia
642 1357 747 1426 etiam
763 1380 828 1426 nos
841 1379 968 1446 sapere
983 1358 1086 1425 decet
1100 1358 1198 1440 (ὄντας
1214 1359 1350 1445 duntone)
1365 1407 1394 1440 „.

237 1468 350 1553 Πρέπει
375 1465 604 1553 coniungitur
627 1488 706 1535 cum
733 1487 804 1534 acc.
830 1477 865 1533 et
890 1465 1081 1556 infinitivo:
1117 1463 1180 1532 cfr.
1216 1455 1295 1532 Alc.
1330 1483 1397 1552 550

147 1579 163 1609 “
183 1595 257 1640 non
280 1573 386 1641 decet
408 1583 577 1640 cenantes
603 1572 726 1641 audire
752 1583 895 1640 nostros
921 1571 1047 1660 luctuS,
1073 1592 1190 1659 neque
1209 1570 1333 1638 dolore
1351 1568 1398 1637 af·

143 1676 203 1746 fici
229 1679 388 1769 hospites
404 1733 432 1766 „.

236 1788 331 1854 Μὲλει
355 1787 423 1855 sibi
448 1785 610 1876 adiungit
634 1787 794 1855 dativum
818 1809 994 1875 personae
1021 1786 1077 1855 cui
1103 1785 1188 1874 quid
1206 1785 1305 1853 cordi
1330 1793 1397 1868 est,

143 1905 291 1980 praeter
314 1891 545 1960 infinitivum:
571 1892 633 1960 cfr.
659 1892 736 1960 Alc.
761 1893 828 1981 726
860 1893 983 1960 “male
1021 1891 1144 1959 audire
1181 1914 1287 1960 curae
1326 1914 1395 1958 non

144 2011 202 2066 est
228 2013 367 2068 mortuo
391 1999 475 2067 mihi
492 2052 522 2083 „.

238 2103 564 2193 Transgrediamur
589 2127 682 2172 nunc
707 2105 751 2172 ad
776 2107 888 2173 verba
913 2105 989 2170 ἐστίν
1006 2117 1042 2172 et
1066 2105 1271 2195 composita.
1290 2105 1397 2190 Quod

144 2209 326 2300 significat
354 2212 517 2300 “aliquid
543 2212 707 2280 accidere
739 2235 876 2301 posse„
919 2217 933 2248 “
951 2217 1074 2279 δυνατόν
1088 2264 1103 2296 ‚,
1145 2213 1203 2279 vel
1242 2212 1334 2278 “otor
1367 2219 1398 2278 τέ

145 2321 226 2388 ἐστιν
241 2377 256 2408 ,‚
284 2343 365 2389 cum
390 2321 486 2389 nudo
511 2319 688 2388 infinitivo
711 2333 966 2404 constructum,
991 2320 1097 2388 etiam
1130 2321 1223 2408 apud
1255 2331 1397 2409 poetam

145 2431 309 2497 nostrum
336 2428 549 2496 invenimus
575 2427 694 2517 Saepe
718 2450 798 2495 cum
824 2427 946 2495 dativo
971 2449 1146 2516 personae
1164 2427 1314 2514 iegitur:
1332 2424 1369 2494 ci
1389 2479 1394 2490 .

145 2536 227 2606 Alc.
254 2559 317 2624 142
345 2543 360 2574 “
375 2548 411 2604 et
435 2536 553 2604 vivam
579 2536 700 2604 dicere
724 2548 761 2603 et
785 2547 959 2604 mortuam
983 2535 1067 2602 licet
1085 2533 1145 2602 tibi
1162 2557 1197 2618 „;
1216 2556 1281 2622 324
1302 2538 1317 2570 “
1335 2534 1396 2601 tibi

145 2643 318 2732 optimam
354 2641 543 2730 coniugem
584 2642 667 2710 licet
703 2641 849 2729 gloriari
876 2653 910 2709 te
934 2641 1155 2727 habuisse„;
1190 2661 1273 2730 519;
1313 2663 1397 2728 1030

148 2755 163 2784 ‘⁴
178 2764 285 2818 νικῶσι
310 2783 329 2808 =
353 2749 580 2817 vincentibus
605 2761 706 2816 erant
728 2749 810 2837 equi
835 2747 1059 2816 subducendi
1075 2801 1103 2832 „.
1134 2747 1326 2837 Optativus
1351 2749 1397 2836 εἴη

146 2879 230 2924 cum
254 2855 376 2925 dativo
402 2869 436 2924 et
461 2855 637 2940 infinitivo
663 2855 797 2944 aliquid
822 2854 1064 2923 desideratum
1101 2853 1300 2943 significat:
1333 2853 1371 2922 cs
1390 2909 1396 2922 .
1447 2887 1453 2896 ·
1504 2856 1510 2872 ⁸

146 2964 228 3033 Alc.
252 2986 321 3053 473
338 2967 353 3000 “
370 2963 431 3031 tali
449 2963 631 3050 contingat
650 2961 733 3029 mihi
751 2962 857 3051 potiri
874 2961 1028 3050 coniuge
1046 2985 1137 3044 cara,
1156 2961 1236 3030 lecti
1258 2961 1355 3029 socia
1369 3013 1398 3044 „.

239 3069 357 3159 Saepe
383 3070 565 3137 invenitur
587 3068 644 3136 οὒκ
666 3071 743 3136 ἔστιν
767 3069 863 3157 quod
888 3068 1067 3158 significat
1090 3057 1235 3157 οὐχόῐόν
1257 3076 1288 3134 τὲ
1311 3068 1398 3151 ἐστιν,

146 3177 182 3244 od
210 3181 354 3244 δυνατόνε
381 3199 460 3245 cum
486 3177 663 3246 infinitivo
699 3177 947 3264 coniungitur:
983 3179 1046 3244 cfr.
1082 3178 1161 3245 Alc.
1197 3177 1264 3264 486
1297 3183 1398 3244 “non
1481 3257 1484 3260 .

145 3286 285 3374 poteris
309 3307 483 3373 equorum
509 3285 674 3352 dominus
698 3283 775 3352 fieri
804 3283 881 3352 sine
911 3306 1029 3373 pugna
1044 3309 1080 3367 „;
1104 3305 1169 3372 545
1197 3283 1400 3351 “nonlicet

145 3391 214 3460 tibi
238 3391 282 3459 ad
308 3391 455 3459 alterius
480 3391 547 3460 viri
573 3391 691 3460 focum
717 3391 768 3459 ire
783 3414 822 3474 „3
843 3391 928 3481 1076
948 3389 1054 3458 “fieri
1074 3391 1198 3478 nequit
1215 3401 1252 3457 ut
1269 3390 1398 3457 mortui

147 3497 185 3566 in
212 3498 327 3566 lucem
352 3497 501 3566 redeant
515 3551 544 3582 „.
1222 3584 1224 3588 Α

240 3604 485 3675 Personaliter
507 3607 568 3674 tort
602 3619 810 3697 usurpatum
846 3607 1031 3675 videmus:
1067 3606 1145 3674 Alc.
1182 3606 1248 3696 278
1274 3604 1339 3673 “in
1365 3617 1399 3674 te

147 3728 235 3786 sunt
259 3737 317 3783 res
342 3735 453 3797 meae,
478 3713 596 3782 vivam
623 3737 665 3781 an
692 3737 762 3782 non
789 3714 908 3781 vivam
923 3739 959 3798 „;
983 3735 1050 3804 519
1077 3713 1240 3803 “duplex
1277 3713 1321 3781 de
1358 3737 1400 3782 ea

148 3845 271 3894 sermo
297 3834 352 3892 est
376 3821 460 3890 mihi
485 3844 590 3911 quem
617 3821 731 3891 dicam
747 3847 784 3906 „5
814 3824 880 3912 760
918 3829 1024 3892 “erat
1062 3821 1185 3891 audire
1218 3822 1400 3912 geminum

149 3930 265 3999 melos
281 3983 308 4015 η.

241 4035 290 4106 Ut
313 4037 388 4103 εἶναι
413 4035 460 4104 ita
485 4036 681 4126 composita
705 4059 813 4126 saepe
838 4036 1053 4106 infinitivum
1071 4062 1136 4128 pro
1153 4037 1315 4107 subiecto
1332 4039 1400 4108 sibi

151 4142 360 4232 adiungunt.
1421 4231 1428 4242 ἱ

242 4250 295 4318 Ac
321 4250 472 4340 primum
497 4259 638 4337 πάρεστιν
663 4274 742 4319 cum
779 4251 985 4320 accusativo
1010 4264 1045 4319 et
1069 4252 1245 4321 infinitivo
1280 4276 1402 4322 conso·

154 4359 284 4428 ciatum
309 4358 483 4446 legimus:
508 4358 586 4426 Alc.
611 4379 656 4448 59
681 4358 933 4428 “redimerent
957 4359 1087 4447 quibus
1104 4380 1192 4448 opes
1209 4371 1403 4449 suppetunt

153 4476 192 4532 ut
216 4485 323 4532 senes
347 4463 725 4546 morerentur„;‘Hel.
757 4485 838 4550 421;
876 4486 955 4530 cum
992 4463 1179 4554 participio
1215 4471 1311 4550 παρόν
1347 4477 1402 4533 est

153 4571 315 4639 dativus:
341 4570 420 4638 nic.
448 4571 520 4661 185.
544 4571 605 4653 86;
630 4572 696 4657 284
726 4578 740 4609 ‘⁴
757 4593 834 4638 cum
861 4570 986 4638 liceret
1009 4569 1093 4637 mihi
1119 4582 1184 4636 etc.
1202 4624 1228 4656 „.
1255 4571 1402 4640 Omisso
