3506 5458
368 489 412 534 22

459 627 497 695 ln
521 628 599 696 nte.
625 649 687 696 211
714 626 1001 695 antecedentium
1019 626 1212 694 verborurn
1230 625 1302 693 vim
1321 624 1468 715 exponit
1485 626 1629 695 maiore

370 756 456 802 cura
479 735 554 800 ὥστε
577 756 656 801 curn
682 732 858 800 infinitivo
883 732 1121 801 coniunctum.
1218 751 1222 760 ·

458 840 735 911 Consecutivam
763 840 835 909 vim
860 840 968 908 habet
991 839 1027 906 in
1052 839 1132 907 Alc.
1156 840 1225 926 298
1250 815 1406 907 ”verum
1431 841 1518 909 haec
1547 841 1629 930 qui·
1735 931 1736 944 ἢ

244 989 248 995 -
369 952 450 1019 dern
475 950 623 1018 deorum
649 948 778 1037 aliquis
802 947 922 1016 effecit
945 960 983 1014 ut
1009 947 1056 1014 ita
1088 969 1128 1015 se
1163 947 1388 1030 haberent„;
1423 969 1498 1038 359,
1534 950 1626 1036 6995

372 1080 468 1148 1073.
493 1081 554 1148 743
571 1057 655 1125 Tro,
680 1058 721 1125 81
747 1055 893 1141 (omissa
917 1054 1090 1144 particula
1114 1067 1149 1122 et
1172 1054 1224 1122 sic
1242 1055 1319 1123 Ate.
1344 1056 1431 1141 480).
1446 1055 1530 1123 Tro,
1552 1078 1626 1144 270
1735 1075 1736 1084 ¹

372 1166 511 1234 “satum
536 1167 643 1233 habet
668 1186 746 1232 earn
770 1176 809 1231 ut
833 1163 984 1231 liberata
1007 1162 1056 1230 sit'
1077 1185 1097 1229 a
1122 1162 1225 1230 malis
1244 1186 1278 1248 „;
1303 1161 1383 1230 Hel.
1416 1163 1479 1249 841
1490 1187 1499 1245 ;
1534 1164 1626 1250 1069

347 1272 427 1340 ‘ubi
455 1272 569 1341 nudus
594 1271 792 1340 infinitivus
816 1270 958 1358 legitur.
984 1269 1222 1338 Accusativus
1247 1292 1326 1336 cum
1353 1268 1413 1337 inf.
1439 1271 1625 1358 reperitur

369 1378 403 1446 in
428 1379 507 1450 Alc.
536 1380 637 1466 1084;
661 1378 741 1446 Hel.
769 1378 953 1465 10814075
982 1377 1084 1462 1269;
1113 1377 1199 1461 1284
1226 1382 1294 1443 “ut
1329 1375 1365 1443 in
1399 1377 1548 1465 patriam
1583 1389 1622 1445 tu
1735 1409 1736 1414 ¹

369 1485 488 1554 redire
513 1483 630 1574 possis
644 1537 674 1568 „.

459 1593 660 1662 Pronomen
685 1592 1007 1660 demonatrativum
1023 1602 1166 1666 τοσοῦτος
1182 1591 1362 1660 antecedit
1378 1592 1413 1659 in
1430 1591 1509 1659 Alc.
1532 1613 1622 1681 1073
1735 1615 1736 1632 ¹

368 1724 464 1791 sqq.;
491 1701 700 1769 adverbium
725 1699 819 1773 οὕτως
843 1699 878 1768 in
903 1699 987 1767 Tro,
1007 1720 1084 1786 910.

458 1807 616 1876 Finalem
642 1807 714 1874 vim
738 1808 845 1875 habet
869 1806 992 1875 infinit.
1018 1828 1098 1874 curn
1121 1807 1196 1873 ὥστε
1220 1807 1430 1886 coniunctus
1466 1805 1501 1874 in
1537 1805 1621 1875 Alc.
1735 1785 1736 1800 ἶ

368 1916 434 2006 854
443 1939 451 1998 ;
476 1915 555 1983 Hel.
579 1916 662 2001 4163
691 1937 784 2000 1040.

458 2119 512 2188 De
537 2119 714 2188 infinitivo
739 2132 820 2208 post
842 2128 910 2206 πρίν
935 2122 1026 2188 bene
1052 2121 1250 2208 generatim
1276 2119 1351 2208 egit
1375 2119 1419 2188 O.
1444 2119 1619 2188 Prausius
1735 2181 1736 2194 ,

371 2230 447 2296 “de
472 2227 666 2317 particulae
691 2236 759 2314 πρίν
782 2250 849 2297 usu
874 2228 1011 2316 tragico
1029 2240 1064 2295 et
1080 2226 1346 2316 Aristophaneo
1360 2279 1375 2310 „
1399 2226 1620 2317 Halis1877.

459 2336 659 2404 infinitivus
684 2358 762 2404 curn
787 2345 854 2422 πρὶν
890 2348 945 2404 est
980 2347 1061 2424 post
1092 2335 1312 2404 enuntiatum
1346 2336 1552 2424 negativum
1580 2337 1617 2404 in
1735 2375 1736 2386 ι

291 2467 295 2476 ·
368 2445 447 2512 nte.
473 2446 555 2532 3623
580 2467 651 2529 acc.
677 2467 756 2512 cnm
782 2443 906 2512 infinit.
932 2443 1065 2531 legitur
1090 2443 1124 2510 in
1152 2443 1231 2512 Hel.
1267 2465 1349 2532 1533
1381 2445 1465 2533 476;
1497 2445 1618 2513 nudus
1735 2499 1736 2516 r

370 2551 566 2620 infinitivus
592 2552 626 2620 in
650 2552 729 2621 Ate.
756 2553 838 2633 281;
863 2553 945 2640 362;
969 2550 1048 2619 Hel.
1074 2572 1139 2639 390
1148 2573 1156 2633 ;
1181 2548 1378 2618 infinitivus
1403 2550 1554 2640 perfecti
1579 2551 1617 2618 in
1735 2607 1736 2610 η

368 2657 449 2726 Hel.
474 2679 549 2746 322·
