3506 5458
319 481 360 526 12

315 619 466 687 mittitur
489 621 533 688 ad
558 619 642 709 quid
669 618 858 708 agendum.
885 617 959 688 cfr.
984 617 1064 686 Alc.
1091 619 1179 705 480:
1208 625 1326 708 “quae
1344 642 1402 688 res
1420 632 1454 688 te
1472 619 1572 688 ducit

315 741 353 796 ut
377 729 420 797 ad
445 729 643 798 Pheraeum
661 727 830 818 oppidum
848 729 914 796 hoc
941 728 1092 796 accedas
1108 734 1229 818 (πέμπει
1247 735 1426 819 προσβῆναι)
1442 757 1469 816 ,,;
1486 729 1568 798 Hel.

313 836 379 923 964
398 840 535 926 “quam
553 835 712 925 luppiter
728 836 795 903 huc
814 835 909 902 misit
926 847 964 902 ut
981 857 1147 904 servares
1169 835 1254 902 mihi
1271 837 1398 925 (ἔπεμψε
1413 842 1527 921 σώζειν)
1540 890 1569 922 ,,.

403 944 596 1012 Praeterea
619 944 698 1012 aliis
722 944 811 1012 locis
835 943 932 1011 infin.
957 943 1073 1012 finalis
1088 954 1304 1033 usurpatur:
1330 943 1393 1012 clr.
1411 942 1496 1012 Tro.
1512 945 1568 1012 81:

317 1052 433 1120 “dicit
456 1075 496 1120 se
522 1053 687 1120 daturum
712 1050 796 1136 mihi
821 1051 942 1140 ignem
968 1051 1181 1119 fulmineum
1208 1061 1247 1118 ut
1270 1062 1428 1118 sternam
1459 1050 1572 1120 Grae·

314 1181 374 1228 cos
400 1172 435 1227 et
459 1160 646 1228 incendam
670 1181 782 1227 naves
807 1157 890 1246 igne
907 1183 945 1240 „;
981 1159 1067 1226 600:
1094 1180 1247 1247 corpora
1281 1158 1484 1225 vulturibus
1521 1159 1569 1226 la·

225 1339 227 1344 ,
314 1266 443 1337 nianda
467 1267 601 1349 iacent;
626 1289 692 1356 974
716 1278 783 1334 etc.

403 1373 603 1442 Infinitivus
627 1373 858 1442 consecutiva
882 1373 918 1442 vi
944 1373 1138 1442 instructus
1162 1374 1341 1463 reperitur
1359 1373 1566 1443 interdum:

312 1479 374 1548 cfr.
400 1480 477 1549 Alc.
503 1502 565 1567 291
594 1485 609 1515 “
626 1479 709 1548 licet
732 1480 883 1548 honeste
908 1480 996 1570 ipsis
1022 1480 1112 1548 mori
1146 1479 1310 1550 eveniret
1347 1493 1384 1548 et
1414 1501 1565 1548 servare

312 1585 424 1653 filium
449 1599 485 1654 et
509 1587 667 1675 gloriose
692 1587 781 1654 mori
796 1640 825 1670 „.

824 2285 987 2356 cAPur
1011 2285 1050 2354 11.
1134 2261 1138 2280 '

526 2538 578 2607 De
602 2539 791 2607 lnttnltlvls
815 2539 966 2608 subtectl
991 2541 1069 2608 vtce
1100 2541 1346 2627 tungenttbus.

443 2865 480 2950 a)
504 2863 685 2931 Interdum
711 2863 881 2933 articulus
905 2864 1069 2934 additur:
1098 2865 1177 2935 Alc.
1206 2869 1288 2937 1081
1323 2875 1356 2936 τὸ
1387 2876 1518 2960 φιλῆσαι
1542 2904 1564 2930 =

310 2991 429 3038 amare
454 2982 631 3037 mortuum
659 2971 823 3039 lacrimas
849 2971 945 3040 elicit
955 2999 966 3054 ,ς
991 2972 1078 3041 alias
1113 2974 1284 3044 articulus
1309 3000 1380 3046 non
1405 2979 1561 3048 additur.

310 3077 374 3145 cfr.
398 3073 483 3144 Tro.
508 3099 574 3167 470
600 3079 614 3112 “
631 3076 774 3144 tamenh
787 3077 869 3144 abet
883 3075 1037 3166 aliquem
1055 3079 1222 3148 decorem
1240 3080 1408 3152 invocare
1426 3084 1515 3155 deos
1529 3135 1564 3171 „.

441 3185 479 3268 b)
503 3183 703 3253 Infinitivus
728 3186 907 3254 interdum
932 3179 1092 3256 subiecti
1112 3211 1262 3258 munere
1296 3192 1455 3281 fungitur
1480 3217 1560 3264 cum
1603 3229 1608 3236 ·

309 3291 571 3359 substantivum
597 3292 740 3381 aliquod
766 3293 961 3383 praedicati
988 3295 1104 3364 locum
1130 3297 1299 3367 obtineat.
1317 3299 1380 3369 Ex.

397 3403 525 3486 κέρδοςε
550 3397 630 3468 Hel.
654 3401 720 3489 763
744 3398 831 3468 nihil
855 3401 999 3490 quidem
1025 3403 1114 3471 lucri
1139 3417 1195 3472 est
1211 3405 1323 3492 scire;
1340 3415 1440 3496 μεῖζον
1462 3418 1560 3478 κακόν

307 3505 386 3575 sine
410 3505 584 3595 particula
605 3507 626 3595 ἥ
650 3519 687 3574 et
709 3505 875 3575 infinitivi
893 3507 1042 3577 articulo
1067 3509 1102 3577 in
1127 3510 1205 3582 Alc.
1222 3513 1305 3601 879:
1335 3515 1449 3603 “quid
1475 3517 1555 3586 viro

308 3614 438 3682 malurn
463 3615 576 3683 maius
601 3637 707 3703 quam
732 3614 895 3684 amittere
920 3615 1025 3684 fidam
1051 3619 1315 3707 coniugem?„.

322 3817 325 3824 Ι
396 3729 513 3810 μέτριον
536 3724 640 3810 ἄχθος
665 3723 700 3790 ἰη
724 3722 802 3791 Alc.
827 3723 894 3812 883
921 3731 1017 3813 “pro
1041 3726 1105 3794 hac
1136 3726 1261 3796 dolere
1287 3729 1467 3799 mediocre
1504 3745 1560 3802 est

307 3848 400 3893 onus
414 3877 444 3910 „.
953 3915 955 3919 Ι

395 3941 543 4023 στέφανος
566 3933 623 4001 οὐκ
646 3935 776 4024 αἰσχρός
801 3935 835 4004 ἰη
861 3935 945 4005 Tro.
982 3961 1069 4025 402:
1098 3947 1114 3978 ‘¹
1129 3940 1222 4009 fama
1257 3954 1312 4010 est
1348 3965 1418 4012 non
1445 3949 1558 4036 turpis

305 4041 443 4131 patriae
469 4042 610 4110 fortiter
636 4042 755 4132 perire
772 4095 801 4127 „.

394 4157 487 4236 χάρις
511 4149 546 4216 in
572 4148 650 4217 Hel.
679 4171 763 4238 1403
792 4151 886 4219 “sed
912 4174 1088 4241 quaenam
1114 4153 1165 4223 illi
1182 4155 1316 4224 utilitas
1340 4157 1371 4226 si
1397 4179 1558 4227 morerer

304 4260 489 4341 (κατθανεῖν)
514 4256 618 4326 simul
643 4280 723 4325 cum
752 4260 971 4346 mortuolm

393 4367 485 4452 θέμις
509 4384 589 4432 curn
613 4365 767 4433 dativo
760 4389 795 4434 m
819 4365 898 4435 Alc.
928 4389 1034 4458 1145:
1062 4350 1258 4438 “Nondum
1284 4371 1337 4440 las
1362 4371 1426 4440 tibi
1450 4372 1554 4443 huius

306 4469 615 4560 compellationem
642 4471 813 4558 audirem

394 4576 559 4665 Denique
584 4579 695 4648 adde:
760 4629 764 4638 .
