3506 5458
342 459 384 506 10

431 599 642 698 Substantiv
710 622 789 669 cum
830 597 1025 669 'adiectivis
1082 593 1593 727 infinitivus'pegegeticus

341 706 524 796 sequitur:
550 619 1455 796 cfrflhffl'ffimsslblecw‘pi‘oditione
1480 723 1519 777 ut
1543 709 1592 777 fa-

343 836 445 882 ceres
471 813 564 881 iusta
587 817 684 898 (δρᾶν)
700 867 727 898 „.

433 919 656 990 Sententiam
681 911 953 988 antecedentem
979 921 1133 989 illustrat
1158 917 1262 989 etiam
1289 920 1505 992 infinitivus:
1531 923 1594 991 cf.

344 1027 427 1097 Tro.
452 1051 518 1117 493
544 1028 711 1096 “his
736 1027 967 1113 (ministeriis)
992 1052 1048 1096 me
1073 1029 1293 1100 adhibebunt
1316 1031 1376 1098 vel
1406 1042 1444 1097 ut
1475 1029 1595 1099 ianua·

344 1158 422 1203 rum
446 1148 567 1204 custos
593 1135 713 1203 claves
737 1157 881 1204 servem
905 1137 964 1205 vel
989 1149 1028 1205 ut
1051 1160 1179 1226 panem
1197 1137 1323 1206 faciam
1341 1149 1377 1205 et
1393 1137 1490 1206 humi
1507 1150 1592 1207 stra·

346 1254 419 1309 tum
443 1242 593 1310 habeam
608 1294 638 1326 „.

433 1348 632 1418 Infinitivus
679 1350 935 1439 epexegeticus
971 1362 1052 1419 ante
1086 1354 1210 1418 τοσόνδε
1257 1351 1399 1440 ponitur
1435 1351 1469 1420 in
1506 1351 1592 1420 Tro.

344 1478 420 1544 933.
444 1455 647 1524 Pronomen
672 1457 688 1522 ὁ
712 1455 803 1530 αὐτός
828 1478 907 1524 cum
933 1457 1075 1526 nomine
1100 1458 1329 1546 coniungitur
1361 1471 1396 1526 et
1427 1459 1596 1527 accusati·

346 1586 414 1632 vus
439 1585 518 1630 cum
543 1562 719 1630 infinitivo
744 1562 877 1652 legitur
900 1563 935 1630 in
960 1562 1044 1630 Tro.
1073 1586 1155 1654 1037
1183 1569 1198 1599 “
1215 1587 1353 1632 mecum
1387 1576 1423 1632 tu
1455 1564 1490 1632 in
1516 1588 1595 1632 ean-

347 1672 429 1739 dem
454 1670 658 1760 opinionem
684 1669 825 1750 venisti
850 1671 939 1739 hanc
975 1671 1130 1740 libenter
1154 1695 1199 1740 ex
1225 1696 1304 1741 mea
1339 1673 1446 1741 domo
1473 1674 1594 1743 abisse

348 1780 391 1856 ad
416 1779 608 1869 peregrina
631 1779 762 1848 cubilia
776 1833 805 1864 „.
829 1781 884 1855 Τίς
908 1802 988 1848 cum
1012 1782 1238 1850 substantivo
1262 1781 1444 1850 invenitur
1467 1782 1595 1867 ctiam;

349 1887 411 1956 cir.
451 1887 530 1956 Hel.
566 1909 632 1978 295
670 1893 889 1976 “quamnam
927 1889 1105 1957 fortunam
1145 1890 1319 1978 reliquam
1355 1887 1500 1958 habeo?
1536 1891 1595 1959 An

350 1993 490 2083 nuptias
515 1993 653 2081 eligens
677 1994 721 2061 ad
746 1994 977 2062 mutationem
1003 1994 1187 2078 malorum,
1211 1995 1367 2064 habitem
1405 2018 1483 2063 cum
1516 1986 1605 2065 viro'

350 2101 503 2170 barbaro
527 2100 673 2186 (olnstvll
692 2155 719 2186 η.
744 2100 925 2168 Interdum
949 2113 1035 2168 τοῦτο
1060 2115 1096 2170 et
1118 2086 1216 2169 cauta
1239 2101 1434 2171 infinitivos
1455 2125 1597 2192 praece-

350 2208 455 2278 dunt:
480 2209 543 2276 cfr.
569 2207 646 2276 Alc.
670 2208 737 2298 558
760 2207 821 2276 ubi
846 2231 917 2277 acc.
942 2231 1022 2276 cum
1047 2208 1223 2278 infinitivo
1256 2221 1328 2278 est:
1364 2217 1379 2247 “
1395 2223 1430 2278 et
1454 2224 1598 2300 praeter

351 2315 548 2383 domestica
572 2316 663 2383 mala
687 2315 782 2383 aliud
818 2316 886 2384 hoc
921 2330 1017 2385 esset
1056 2318 1186 2386 malum
1223 2318 1318 2406 quod
1355 2341 1435 2387 mea
1469 2319 1597 2387 domus

351 2421 575 2511 inhospitalis
600 2434 790 2490 vocaretur
813 2428 999 2508 (καλεῖσθαι)
1019 2477 1045 2508 „.
1071 2423 1149 2492 Hel.
1182 2447 1247 2512 444
1283 2425 1397 2492 “mihi
1426 2425 1492 2493 hoc
1526 2448 1598 2494 mu·

353 2551 418 2597 nus
444 2527 626 2613 incumbit,
650 2528 791 2617 hospes
818 2552 861 2596 ne
886 2529 967 2617 quis
1003 2529 1165 2599 Graecus
1201 2531 1348 2600 accedat
1383 2530 1425 2599 ad
1463 2532 1596 2601 hancce

352 2636 495 2704 domum
522 2639 648 2724 (μηδένα
673 2640 822 2720 πελάζειν)
838 2691 865 2722 „.
890 2636 927 2704 ln
959 2636 1044 2705 Tro.
1086 2660 1143 2705 121
1180 2639 1443 2706 substantivum
1479 2639 1600 2707 adiun-

353 2743 470 2832 gitur:
498 2749 629 2811 “musa
655 2765 742 2810 vero
767 2754 821 2810 est
853 2731 892 2811 ¹et
926 2745 1014 2812 haec
1048 2744 1223 2831 quaedam
1248 2744 1452 2814 infelicibus
1477 2745 1598 2814 clades

353 2874 483 2920 sonare
507 2850 628 2918 tristes
652 2851 774 2934 (Μοῦσα
798 2849 954 2938 animm.
991 2849 1232 2939 Coniungitur
1255 2851 1361 2918 ctiam
1398 2850 1459 2920 inl.
1496 2875 1599 2942 epex.

354 2979 433 3024 curn
458 2955 668 3044 pronomine
693 2955 976 3022 demonstrativo
999 2959 1087 3023 τόδεε
1113 2956 1175 3023 cfr.
1201 2955 1278 3024 Alc.
1311 2979 1352 3046 37
1385 2957 1445 3026 ubi
1469 2961 1538 3024 τόδε
1564 2958 1599 3026 in

355 3062 558 3132 accusativo
577 3074 641 3147 est,
659 3084 783 3150 quare
801 3062 999 3131 infinitivus
1023 3061 1154 3131 obiecti
1173 3063 1250 3131 vice
1268 3063 1450 3152 fungitur:
1479 3072 1600 3153 “quae

355 3173 421 3240 hoc
439 3170 612 3262 promisit,
631 3171 757 3239 marito
774 3171 935 3256 liberato,
965 3171 1076 3261 ipsam
1094 3195 1158 3262 pro
1177 3194 1220 3240 eo
1238 3172 1445 3240 morituram
1475 3196 1555 3243 esse
1571 3199 1601 3258 „;

355 3279 435 3347 Hel.
459 3300 500 3370 57
527 3277 587 3346 ubi
612 3301 684 3347 acc.
710 3301 738 3346 c.
764 3277 825 3347 inf.
861 3279 1014 3367 legitur:
1054 3287 1129 3347 “ex
1162 3279 1230 3348 deo
1266 3277 1444 3348 Mercurio
1481 3281 1603 3350 audivi

355 3388 448 3456 hunc
472 3407 675 3454 sermonem
701 3409 757 3454 me
782 3385 974 3475 aliquando
997 3387 1196 3454 habituram
1222 3409 1303 3454 esse
1319 3439 1348 3470 „.
1374 3385 1412 3453 ln
1436 3387 1514 3455 Alc.
1536 3389 1603 3475 684

356 3508 437 3586 post
460 3494 722 3564 substantivum
748 3515 826 3560 cum
851 3493 903 3560 ὅδε
927 3493 1092 3582 positum,
1118 3493 1315 3561 infinitivus
1341 3516 1443 3581 epex.
1461 3496 1604 3576 est,ubi

357 3603 462 3671 etiam
486 3623 558 3670 acc.
583 3624 611 3669 c.
637 3599 697 3669 inl.
723 3612 935 3689 usurpatur:
962 3605 1065 3668 “non
1097 3601 1192 3668 enim
1216 3613 1400 3690 paternam
1425 3603 1515 3670 hanc
1550 3626 1603 3672 ac·

357 3710 435 3798 cepi
472 3709 601 3796 legem,
637 3730 702 3797 pro
739 3707 863 3776 liberis
899 3720 938 3774 ut
973 3720 1199 3775 morerentur
1234 3719 1355 3796 patres
1390 3711 1604 3796 (προθνήσκειν

357 3821 501 3902 πατέρας)
525 3837 641 3903 neque
668 3813 843 3883 Graecam
859 3867 874 3898 „
902 3827 939 3882 et
962 3813 1004 3901 in¹
1021 3813 1106 3882 Tro.
1136 3836 1220 3902 1032
1243 3814 1294 3883 sic
1319 3827 1374 3883 est
1401 3821 1417 3854 ‘⁴
1432 3827 1468 3882 et
1484 3814 1603 3904 legem

357 3924 446 3992 hanc
471 3945 563 4012 pone
589 3921 667 3990 aliis
692 3921 901 3990 mulieribus
925 3933 964 3989 ut
997 3921 1169 3989 moriatur
1204 3943 1450 4010 quaecumque
1487 3922 1603 3990 virum

358 4032 558 4123 prodiderit
580 4036 734 4120 (θνήσκειν
758 4035 854 4115 πόσιν)
872 4082 901 4114 ,,.
926 4029 1022 4098 Loco
1057 4028 1250 4117 singularis
1283 4030 1385 4098 vocis
1420 4032 1489 4096 τόδε
1524 4053 1606 4099 neu·

359 4154 451 4210 trum
475 4139 623 4229 pluralis
646 4143 718 4208 τάδε
743 4137 849 4206 etiam
875 4137 1019 4227 ponitur
1043 4149 1079 4205 et
1104 4159 1174 4204 acc.
1199 4138 1271 4203 τάδε
1288 4149 1343 4204 est
1366 4135 1402 4203 in
1426 4136 1505 4207 Alc.
1523 4159 1604 4226 373:

362 4254 413 4316 “o
437 4246 551 4332 liberi,
575 4268 642 4314 vos
667 4245 735 4313 iam
761 4243 840 4312 haec
864 4243 1053 4313 audivistis
1089 4245 1201 4312 verba
1235 4242 1346 4333 patris
1378 4243 1531 4312 dicentis
1566 4266 1606 4312 se

359 4377 430 4444 non
454 4354 642 4421 ducturum
667 4375 747 4421 esse
774 4351 877 4420 aliam
903 4350 1056 4440 aliquam
1093 4373 1241 4418 uxorem
1267 4350 1302 4418 in
1328 4363 1488 4419 vestrum
1513 4352 1607 4421 dam-

360 4483 443 4530 num
469 4483 585 4549 neque
611 4482 666 4528 me
693 4458 940 4546 neglecturum
955 4509 984 4542 ,,.

493 4573 525 4648 a)
550 4567 742 4635 Adiectivis
766 4575 798 4633 et
820 4564 1046 4634 substantivis
1081 4564 1188 4632 etiam
1225 4564 1378 4632 adicitur
1409 4563 1607 4632 infinitivus
