3506 5458
290 372 394 494 '16

350 590 427 658 ἐστίν
450 591 681 682 coniungitur
703 601 788 680 πάρα
815 615 895 660 cum
932 592 1029 662 nudo
1065 593 1264 662 infinitivo:
1300 593 1365 662 cfr.
1400 593 1478 662 Alc.
1516 617 1579 684 341
1596 619 1610 679 ;

352 717 437 786 1114
464 699 637 768 “domum
662 723 751 768 vero
775 701 908 768 intrare
933 701 1017 769 licet
1033 725 1070 783 „;
1095 699 1180 769 Tro.
1208 701 1385 783 106;He1.
1410 724 1486 792 397.

439 803 557 893 Saepe
582 805 764 874 invenitur
786 805 893 874 etiam
917 808 1010 882 ἔξεστι
1022 805 1102 874 cum
1117 805 1213 873 nudo
1227 805 1421 875 infinitivo:
1434 807 1498 875 cfr.
1512 808 1606 878 Tro.

332 998 336 1007 Ι
348 932 394 1000 50
420 912 580 1006 “licetne
604 913 761 997 affaril„
784 937 851 1002 903
878 913 1038 982 “licetne
1063 913 1173 1002 igitur
1196 915 1240 982 ad
1264 913 1351 983 haec
1376 916 1603 1004 respondere

350 1019 503 1088 verbis?
518 1045 553 1106 ‚,;
577 1021 657 1088 Hel.
682 1045 757 1108 442.
782 1021 1012 1111 Participium
1030 1023 1094 1098 ἐξόν
1111 1023 1275 1091 absolute
1292 1036 1500 1112 usurpatum
1518 1046 1602 1091 curn

350 1125 526 1196 infinitivo
549 1128 728 1198 interdum
754 1129 1003 1219 coniungitur:
1029 1129 1091 1198 clr.
1116 1130 1196 1198 Hel.
1226 1152 1312 1220 1159
1337 1135 1352 1165 ‘⁴
1368 1153 1448 1198 cum
1473 1131 1604 1199 liceret

350 1255 565 1322 componere
588 1236 711 1304 verbis
735 1234 832 1303 litem
857 1235 903 1303 de
932 1248 978 1317 te,
1003 1259 1025 1303 o
1048 1236 1233 1320 Helena„.
1269 1235 1421 1306 Dativus
1457 1236 1605 1304 additur

350 1337 484 1407 formae
508 1342 617 1416 ἕξεστιε
642 1340 706 1409 clr.
731 1341 810 1409 Hel.
834 1343 900 1409 802
927 1347 1026 1410 “nec
1050 1342 1161 1432 igitur
1185 1343 1308 1412 licebit
1336 1343 1421 1412 mihi
1453 1344 1602 1412 domurn

349 1458 384 1514 te
408 1447 625 1532 deferre?„.
649 1449 889 1518 Accusativus
915 1474 993 1520 cum
1020 1450 1198 1520 infinitivo
1234 1450 1377 1518 additur
1411 1451 1603 1540 participio

349 1553 433 1630 ἐξόνε
459 1555 522 1623 cfr.
547 1557 625 1624 Alc.
648 1557 716 1624 888
740 1562 755 1592 ‘⁴
771 1579 851 1626 cum
876 1557 1035 1627 licuisset
1059 1558 1137 1626 sine
1156 1557 1279 1627 liberis
1296 1569 1331 1627 et
1347 1558 1426 1626 sine
1443 1559 1601 1648 coniuge

350 1660 476 1730 vivere
500 1685 644 1752 semper
659 1719 686 1750 „.

317 1817 320 1824 ,
392 1815 395 1824 ·
439 1770 546 1858 Apud
572 1773 668 1858 ἀρκεῖ,
693 1774 789 1861 quod
813 1774 1074 1863 significatione
1106 1786 1235 1862 aequat
1267 1774 1414 1842 latinum
1443 1781 1604 1865 “suppe-

350 1874 421 1961 tit„
448 1877 508 1943 vel
534 1877 650 1946 “satis
675 1890 760 1964 est„
787 1879 930 1948 dativus
954 1903 1033 1948 cum
1059 1879 1120 1947 inl.
1150 1879 1303 1967 legitur:
1338 1879 1401 1947 cfr.
1439 1880 1518 1949 Alc.
1554 1903 1603 1970 33

353 1988 369 2020 ‘¹
383 2006 453 2050 non
478 1983 565 2052 satis
588 1984 652 2052 tibi
678 1985 744 2054 luit
768 1986 878 2054 latum
903 1987 1049 2055 Admeti
1075 1986 1329 2078 impedissel„
1357 1998 1392 2054 et
1417 1987 1469 2055 sic
1497 1995 1512 2026 “
1527 1989 1600 2064 ἅλις

350 2091 481 2174 ἐστίνηε
513 2091 592 2160 Alc.
630 2115 712 2180 1041
751 2095 869 2163 “satis
907 2095 992 2163 mihi
1028 2093 1096 2162 fuit
1130 2095 1319 2184 deplorare
1358 2095 1425 2162 hoc
1465 2095 1599 2163 malum

349 2219 466 2266 meum
483 2254 510 2286 „.

440 2305 560 2376 Verba
582 2309 716 2398 passivi
749 2298 894 2398 generis
930 2310 1076 2400 quibus¹
1096 2309 1293 2378 infinitivus
1329 2310 1481 2380 subiecti
1517 2312 1599 2380 loco

349 2438 430 2484 sese
455 2417 618 2506 applicat,
642 2431 725 2487 sunt
749 2421 858 2488 haec:
882 2429 1035 2507 πέπρωται
1060 2442 1139 2488 cum
1164 2443 1235 2488 acc.
1261 2433 1296 2488 et
1327 2419 1408 2488 int:
1441 2419 1519 2488 Alc.
1552 2445 1600 2490 20

351 2527 366 2557 “
382 2523 449 2592 hoc
473 2523 532 2592 die
558 2547 635 2593 eam
661 2526 750 2594 mori
775 2527 882 2594 fatale
900 2539 955 2594 est
971 2539 1007 2594 et
1024 2526 1250 2604 discederee
1268 2526 1341 2593 vita
1356 2579 1370 2608 „
1383 2555 1395 2607 ,·
1411 2525 1565 2616 ὀφείλεται
1577 2560 1601 2587 =

350 2634 404 2712 δεῖ,
428 2639 489 2719 χρή
515 2654 594 2700 cum
619 2632 740 2700 dativo
766 2645 801 2701 et
826 2633 1024 2702 infinitivo:
1049 2633 1111 2702 cfr.
1131 2633 1215 2701 Alc.
1239 2655 1306 2720 419
1325 2640 1341 2671 ‘⁴
1355 2633 1521 2702 omnibus
1539 2658 1600 2702 no-

350 2737 404 2806 bis
429 2739 519 2806 mori
544 2761 693 2808 necesse
718 2753 772 2809 est
786 2765 822 2824 „4
848 2744 913 2830 782
944 2741 1179 2809 “hominibus
1215 2740 1382 2808 omnibus
1418 2741 1507 2810 mori
1541 2765 1602 2809 ne·

350 2867 452 2914 cesse
477 2858 575 2929 est„.
1489 2839 1490 2843 ¹

438 2953 668 3023 Adiectivum
693 2956 840 3024 verbale
864 2961 1048 3038 συγγνωστόν
1072 2955 1150 3023 sine
1176 2956 1288 3022 verbo
1322 2954 1384 3020 tou
1416 2966 1451 3036 et
1475 2954 1599 3023 dativo

349 3081 525 3148 personae
549 3074 604 3130 est
628 3061 663 3129 in
688 3063 766 3130 Alc.
794 3064 880 3151 1348
907 3063 1062 3151 “lugere
1095 3061 1250 3151 quidem,
1275 3061 1306 3130 si
1331 3061 1416 3150 quid
1441 3061 1599 3153 dominis

349 3167 486 3250 accidit,
512 3167 653 3237 veniam
678 3170 785 3238 habet
801 3225 827 3256 ‚,.
896 3211 901 3220 ·

438 3273 602 3364 Denique
628 3280 710 3344 δοκεῖ
734 3277 964 3345 referendum
989 3287 1045 3345 est
1068 3275 1163 3365 quud
1203 3297 1281 3342 cum
1318 3274 1440 3342 dativo
1465 3287 1500 3343 et
1525 3275 1599 3342 infi·
1627 3327 1630 3330 -

347 3381 460 3450 nitivo
484 3371 644 3470 iungitur
667 3406 746 3452 cum
771 3383 1032 3472 significatione
1060 3389 1075 3420 ‘⁴
1090 3387 1172 3450 δοκεῖ
1207 3405 1261 3448 τινι
1295 3390 1452 3469 κράτιστον
1466 3407 1507 3463 ,,;
1533 3383 1597 3449 cfr.

348 3487 426 3556 Alc.
451 3489 631 3556 601N0n
658 3489 767 3578 igitur
790 3490 907 3578 placet
932 3489 994 3558 tibi
1019 3491 1108 3556 hanc
1138 3489 1223 3556 mihi
1259 3490 1345 3556 dare
1382 3488 1595 3577 gratiaml„

348 3595 433 3664 Tro.
457 3597 520 3686 877
550 3604 565 3635 ‘⁴
581 3596 665 3664 mihi
692 3620 778 3665 vero
804 3597 936 3686 placuit
959 3598 1003 3666 ad
1029 3597 1174 3665 Troiam
1193 3597 1339 3686 quidem
1357 3608 1506 3664 mortem
1530 3593 1599 3664 He·

348 3703 450 3770 lenae
476 3704 706 3772 omittere...
725 3727 802 3771 eam
820 3705 998 3773 abducere
1017 3704 1051 3772 in
1070 3703 1245 3772 Graecam
1264 3715 1394 3770 terram
1413 3716 1448 3770 et
1465 3702 1596 3770 deinde

339 3807 397 3900 ‚ibi
422 3809 501 3877 neci
526 3810 668 3878 tradere
683 3837 712 3894 „3
739 3814 879 3877 δέδοκται
905 3834 983 3878 cum
1009 3811 1078 3878 dat.
1105 3823 1140 3877 et
1171 3808 1347 3878 infinitivo
1378 3810 1599 3878 construitur

347 3915 382 3983 in
407 3915 486 3984 Hel.
510 3918 577 4004 982
604 3924 619 3954 ‘⁴
634 3916 837 3985 interficere
862 3918 1008 3985 decrevi
1026 3919 1115 3986 hanc
1131 3941 1167 3999 „;
1184 3917 1262 3985 sine
1281 3917 1403 3985 dativo
1420 3940 1596 4006 personae

347 4023 479 4112 legitur
503 4023 581 4092 aliis
606 4023 704 4092 locis.
729 4025 841 4101 Ἔδοξε
865 4047 943 4092 cum
969 4039 1040 4094 ac'c.
1066 4037 1101 4092 et
1125 4023 1302 4092 infinitivo
1320 4024 1502 4092 invenitur
1518 4025 1595 4092 sine

348 4132 469 4199 dativo
494 4132 529 4200 in
554 4132 639 4200 Tro,
665 4155 730 4222 713
755 4117 969 4201 “decretum
1006 4145 1060 4201 est
1092 4133 1185 4200 hunc
1221 4155 1370 4221 puerum
1406 4133 1573 4215 habere„
1584 4155 1593 4213 ;

345 4243 422 4332 877.
448 4243 492 4332 78
515 4227 601 4328 (δόξα
624 4275 644 4301 =
669 4264 797 4311 nomen
824 4243 1087 4312 substantivum
1113 4241 1197 4309 Tro,
1224 4241 1309 4331 178).
