3506 5458
1404 459 1444 527 13

279 595 359 664 Alc.
398 597 466 683 416
504 603 683 666 “necesse
716 609 772 666 est
807 596 896 666 hanc
932 597 1169 667 calamitatem
1206 599 1332 684 serre„
1371 601 1442 686 (ubi

187 703 309 792 ἀνάγκη
334 726 414 772 cum
439 703 616 772 infinitivo
641 703 823 794 iungitur);
839 705 918 773 Alc.
935 706 1000 796 617
1021 712 1036 743 ‘⁴
1048 729 1173 774 verum
1191 707 1278 776 haec
1297 709 1442 800 quidem

186 809 454 880 serrenecesse
479 824 585 895 est„;
609 810 689 882 Alc.
729 813 814 880 1086
841 819 1013 902 “tempus
1049 813 1199 899 dixeris,
1234 815 1265 885 si
1302 827 1442 906 tempus

188 918 367 1006 significat
392 918 512 1002 mori„
539 925 689 1008 (χρόνος);
714 918 800 988 Tro.
830 942 912 1004 1215
932 919 1016 989 Tro.
1033 923 1101 1008 926
1120 922 1348 1012 “praemium
1367 938 1443 994 erat

189 1026 400 1096 Alexandro
424 1027 501 1096 fore
527 1040 565 1096 ut
589 1039 771 1096 everteret
785 1052 814 1115 „;
839 1028 918 1126 Hel.
943 1050 1010 1119 510
1034 1052 1123 1120 sqq„
1160 1031 1239 1100 Hel.
1265 1054 1330 1122 514
1358 1041 1443 1102 “est

190 1145 309 1202 autem
333 1135 467 1204 dictum
492 1135 595 1224 gravi
631 1133 846 1204 necessitate
883 1135 970 1203 nihil
1007 1159 1087 1205 esse
1126 1138 1303 1208 valentius
1339 1145 1441 1234 (λόγος

190 1263 272 1308 cum
296 1265 367 1310 acc.
393 1254 429 1311 et
453 1242 526 1327 inl.)
540 1294 555 1326 „
569 1267 577 1325 ;
602 1241 681 1310 Hel.
706 1243 773 1332 278
799 1249 1026 1312 “ancora...
1053 1244 1217 1312 maritum
1249 1246 1441 1334 aliquando

189 1361 381 1416 venturum
407 1371 488 1416 esse
512 1359 549 1417 et
573 1348 805 1417 liberaturum
831 1370 876 1416 ex
901 1348 954 1417 his
980 1349 1081 1418 malis
1105 1354 1197 1435 (cum
1223 1373 1294 1421 acc.
1320 1364 1356 1420 et
1378 1352 1440 1420 inl.

191 1455 316 1539 sut.),‚;
352 1455 432 1523 Hel.
466 1457 534 1544 560
560 1455 750 1523 “divinum
783 1455 952 1544 quiddam
985 1469 1040 1525 est
1075 1457 1270 1526 amicorum
1306 1459 1441 1547 agnitio

190 1566 287 1646 (θεὸς)
305 1587 342 1645 n?
368 1561 447 1630 Hel.
472 1563 534 1630 811
566 1562 729 1630 “audere
755 1563 990 1653 impossibilia
1017 1564 1172 1634 hominis
1207 1588 1277 1633 non
1311 1578 1365 1635 est
1390 1588 1441 1635 sa-

190 1668 374 1758 pientiS„;
398 1669 478 1738 Hel.
503 1692 566 1759 951
597 1670 750 1738 “dicunt
777 1693 858 1738 esse
894 1671 1063 1758 generosi
1101 1673 1169 1740 viri
1206 1673 1241 1740 in
1278 1673 1440 1743 adversis

111 1773 115 1780 '
190 1777 299 1844 rebus
324 1776 488 1845 lacrimas
513 1779 557 1845 ab
582 1777 695 1846 oculis
719 1777 883 1846 emittere
899 1831 914 1860 „
927 1803 935 1860 ;
960 1777 1039 1846 Hel.
1064 1780 1132 1865 996
1157 1785 1172 1815 ¹¹
1188 1802 1300 1869 penes
1315 1793 1349 1848 te
1375 1794 1439 1865 est,

190 1905 213 1950 o
238 1883 365 1972 puella,
391 1883 550 1954 iudicare
574 1884 664 1954 hanc
690 1883 787 1953 litem
814 1892 944 1974 (praep.
973 1887 1003 1951 ἐν
1034 1908 1113 1953 cum
1146 1886 1280 1971 dativo)
1295 1911 1335 1970 „;
1359 1887 1439 1955 Hel.

194 1994 502 2080 1242.43;1262;
546 1997 631 2084 1278
669 2001 780 2063 “mea
807 1993 918 2062 refert
953 1994 1143 2082 coniugem
1180 1994 1273 2083 piam
1309 1995 1438 2081 alere„

190 2099 254 2167 ubi
277 2113 331 2168 est
355 2107 431 2188 πρός
454 2122 535 2170 curn
562 2099 742 2189 genetivo.
907 2095 913 2108 '
1080 2097 1083 2105 ’

323 2215 358 2294 c)
392 2208 592 2278 Infinitivus
628 2209 780 2279 subiecti
816 2208 896 2278 vice
932 2208 1094 2297 iungitur
1129 2231 1208 2278 cum
1236 2211 1438 2299 praedicati

190 2327 310 2404 partes
335 2329 446 2405 agunt
469 2329 596 2384 neutra
619 2317 870 2411 pronominum
895 2317 953 2385 vel
979 2317 1249 2390 adiectivorum.

280 2422 371 2492 Cum
396 2424 630 2512 pronomine:
654 2431 760 2490 ταυτόν
785 2423 847 2491 cfr.
872 2424 950 2491 Alc.
976 2446 1038 2512 711
1065 2445 1145 2491 curn
1169 2447 1241 2493 acc.
1266 2436 1302 2492 et
1327 2425 1439 2506 infmi-

191 2527 266 2596 tivo
293 2524 467 2598 “ldemne
491 2542 546 2598 est
570 2543 685 2599 aetate
711 2530 858 2618 vigente
883 2530 1006 2598 vivum
1042 2542 1078 2598 et
1108 2553 1231 2599 senem
1264 2533 1437 2617 mori?„;

191 2635 276 2704 Tro.
301 2638 366 2725 632
403 2659 482 2706 cum
518 2638 614 2705 nudo
650 2636 839 2720 infinitivo,
875 2637 1114 2726 praecedente
1149 2638 1299 2706 articulo
1337 2644 1439 2708 “non

192 2741 287 2810 idem
310 2754 366 2811 est
390 2743 515 2811 vivere
541 2765 580 2810 ac
605 2756 783 2812 mortuum
808 2766 889 2812 esse
904 2768 940 2826 „;
957 2744 1019 2810 οἶόν
1035 2768 1066 2810 τε
1084 2767 1168 2819 cum
1180 2744 1249 2812 dat.
1278 2744 1356 2812 Alc.
1373 2747 1437 2834 487

194 2850 287 2918 “sed
313 2872 430 2938 neque
455 2873 622 2920 recusare
647 2851 806 2920 laborem
832 2849 962 2919 licebat
987 2850 1070 2918 mihi
1086 2876 1122 2936 „3
1147 2873 1227 2918 cum
1260 2851 1320 2919 inf.
1353 2851 1437 2920 Tr0.
1511 2871 1513 2876 ·

190 2978 255 3045 731
283 2960 379 3026 “nos
404 2970 527 3026 contra
551 2981 657 3027 unam
683 2959 868 3026 mulierem
905 2981 1066 3048 pugnare
1101 2981 1225 3029 sumus
1260 2961 1347 3028 satis
1383 2983 1439 3028 va·

190 3065 305 3134 lentes
320 3091 356 3150 „;
381 3089 462 3135 cum
486 3066 547 3136 inf.
573 3091 645 3136 aor.
671 3080 707 3135 et
731 3067 800 3135 dat.
826 3091 1002 3156 personae
1026 3067 1106 3136 Hel.
1130 3071 1206 3156 824.

279 3173 370 3244 Cum
395 3174 603 3244 adiectivis:
945 3259 948 3266 Δ
1416 3262 1419 3268 Ι

208 3365 210 3368 v
279 3281 407 3370 αἰσχρόν
431 3282 552 3350 addito
578 3281 699 3350 dativo
725 3281 759 3348 in
785 3282 863 3349 Alc.
888 3302 970 3370 542;
999 3303 1082 3368 1033
1116 3285 1250 3370 “turpe
1283 3281 1350 3349 fuit
1382 3305 1438 3350 ne·

190 3387 339 3476 glegere
363 3389 431 3457 hoc
455 3389 591 3456 lucrum
617 3388 831 3477 gloriosum;
857 3409 935 3454 cum
960 3409 1031 3454 acc.
1058 3399 1092 3454 et
1117 3385 1178 3454 ins.
1202 3386 1282 3455 Hel.
1305 3410 1381 3474 922.

278 3495 360 3571 ἄξιον
384 3517 464 3563 cum
492 3496 589 3563 nudo
625 3495 801 3563 infinitivo
838 3494 1072 3576 construitur;
1108 3494 1187 3562 Alc.
1222 3497 1289 3563 628
1326 3497 1438 3572 “deror

189 3613 295 3688 γαμεῖν
308 3628 345 3685 ,,;
370 3601 455 3670 Tro.
484 3623 568 3692 1225
593 3607 609 3638 “
626 3625 778 3690 aequum
804 3615 859 3671 est
882 3604 1090 3688 honorare„
1115 3601 1227 3691 εὔηθες
1244 3627 1322 3671 cum
1341 3603 1437 3672 infin.

189 3710 428 3795 praecedente
454 3711 603 3779 articulo
612 3733 620 3792 ;
645 3709 725 3779 Hel.
751 3711 817 3802 748
844 3710 1024 3778 “stultitia
1040 3723 1095 3778 est
1111 3711 1170 3779 vel
1187 3711 1324 3800 opinari
1350 3735 1439 3781 mor·

189 3812 279 3882 tales
303 3815 347 3882 ab
371 3813 498 3884 avibus
523 3814 639 3884 iuvari
653 3868 681 3900 „.

277 3927 391 4009 λυπρόν
413 3955 435 3982 =
458 3921 536 3991 Alc.
560 3924 636 4013 876.

278 4038 424 4119 μόρσιμόν
448 4031 628 4098 lotricum
652 4031 774 4099 dativo
798 4043 834 4099 et
858 4030 918 4099 inl.
943 4031 1023 4100 Hel.
1054 4033 1135 4122 1677
1169 4031 1364 4102 “Menelao
1393 4034 1409 4102 f
1428 4075 1437 4085 ·
1478 4069 1481 4074 ·

189 4137 259 4204 tale
284 4150 338 4206 est
362 4137 521 4206 habitare
547 4138 582 4205 in
608 4139 735 4206 insulis
761 4137 1022 4207 fortunatorum
1038 4193 1065 4222 „.

278 4253 356 4334 μέγα
379 4266 458 4313 com
482 4245 551 4313 dat.
578 4257 613 4313 et
638 4245 698 4313 inl.
723 4244 807 4313 Tro.
844 4266 910 4333 259
937 4245 1099 4313 “Annon
1124 4259 1179 4315 est
1203 4269 1370 4335 magnum
1405 4250 1437 4317 ei

187 4349 267 4418 fieri
290 4351 373 4420 lecti
399 4351 490 4439 regii
515 4352 798 4442 participem?„.
1185 4343 1188 4349 ’

277 4460 450 4546 σὺμφορονε
476 4457 555 4526 Hel.
578 4479 644 4548 254
672 4459 869 4527 “conducit
893 4471 1012 4527 tamen
1045 4482 1151 4549 quam
1188 4460 1356 4530 facillime
1392 4462 1438 4532 sa·

189 4563 271 4630 talia
295 4565 390 4632 vitae
415 4562 509 4631 ferre
530 4615 558 4647 „.
