3506 5458
431 1777 434 1783 „
513 1814 565 1882 De
588 1815 770 1884 tnttntttvo
794 1815 963 1884 absolute
987 1816 1112 1898 postto

312 2005 348 2069 et
371 2003 416 2070 de
439 2002 521 2070 attts
544 2002 713 2070 tnttntttvt
737 2002 862 2072 usibus
886 2002 1146 2072 observatione
1177 2003 1308 2089 dtgnts.

319 2350 358 2429 a)
381 2345 452 2414 Pro
483 2344 685 2434 imperativo
723 2342 919 2412 infinitivus
955 2345 1134 2413 interdum
1170 2357 1361 2435 usurpatur
1396 2359 1435 2415 ut

184 2453 322 2522 iussum
348 2451 527 2520 indicetur
549 2452 644 2540 quod
669 2452 750 2541 quis
774 2451 863 2519 velit
878 2453 1053 2520 accidere.
1071 2451 1271 2535 infinitivus
1288 2455 1434 2543 ponitur

183 2583 252 2650 pro
277 2559 477 2650 imperativi
503 2559 615 2627 altera
638 2582 803 2649 persona.
827 2558 890 2626 Ex.
915 2557 1000 2626 Tr'o.
1020 2581 1051 2627 v.
1068 2581 1135 2645 422
1152 2593 1170 2618 =
1188 2582 1354 2647 sequere,
1372 2562 1432 2629 ubi

184 2667 542 2736 animadvertendum
567 2678 622 2735 est
646 2667 822 2735 infinitivo
846 2667 970 2732 ἕπεσθαι
987 2667 1206 2756 praecedere
1229 2667 1430 2756 imperativi

185 2775 334 2843 formam
367 2776 451 2842 ἕπου.
487 2773 606 2842 Verus
641 2773 875 2863 imperativus
900 2773 1089 2858 antecedit,
1125 2785 1163 2841 ut
1198 2775 1302 2843 nobis
1338 2775 1432 2843 clare

183 2893 354 2970 appareat
378 2880 544 2949 infinitivi
568 2880 641 2948 vim
675 2879 751 2948 lere
776 2880 927 2948 eandem
964 2903 1045 2948 esse
1079 2893 1185 2970 atque
1217 2882 1294 2961 veri
1327 2881 1434 2972 impe·

183 2987 300 3074 rativi,
324 2988 430 3057 huius
454 2986 753 3076 significationem
779 2989 976 3078 aequando.

316 3095 353 3179 b)
377 3094 577 3163 infinitivus
601 3093 847 3162 adverbialiter
871 3093 1049 3163 interdum
1074 3118 1217 3185 quoque
1239 3109 1433 3186 usurpatur

182 3202 285 3292 quasi
310 3201 535 3292 parenthesis
559 3201 602 3268 ad
628 3200 701 3269 vim
737 3201 1025 3270 antecedentium
1060 3204 1254 3270 verborum
1290 3204 1435 3272 restrin-

183 3310 337 3398 gendam
355 3321 462 3398 atque
480 3307 744 3386 infirmandam:
763 3309 826 3375 cfr.
844 3308 922 3376 Alc.
939 3309 1000 3376 801
1023 3305 1081 3376 ubi
1100 3309 1276 3377 infinitivo
1297 3315 1433 3398 χρῆσθαι

181 3416 357 3508 particula
368 3416 409 3489 ὡς
427 3414 690 3508 anteponitur:
707 3415 748 3489 ὡς
765 3415 906 3500 ἀκοῦσαι,
923 3416 964 3488 ὡς
981 3415 1080 3494 εἰπεῖν,
1098 3415 1139 3488 ὡς
1164 3414 1230 3502 ἐμοὶ
1249 3419 1348 3482 δοκεῖν
1365 3429 1432 3484 etc.

316 3529 346 3614 c)
369 3522 450 3591 Non
475 3522 582 3590 nullis
606 3521 695 3591 locis
719 3523 755 3588 in
779 3521 1082 3590 exclamationibus
1107 3522 1297 3590 adhibetur
1321 3522 1432 3590 infini-

182 3631 278 3699 tivus
293 3655 300 3697 :
318 3630 380 3698 cfr.
397 3629 476 3698 Alc.
492 3632 558 3717 832
582 3637 698 3718 φράσαι
723 3628 784 3695 ubi
808 3639 863 3695 σοῦ
888 3629 1080 3716 genetivus
1098 3629 1356 3699 exclamativus
1379 3643 1433 3700 est

182 3749 219 3804 et
243 3736 440 3804 infinitivus
464 3743 581 3826 φράσαι
618 3759 698 3804 cum
734 3735 884 3803 articulo
920 3743 953 3801 τό
988 3736 1258 3804 exclamationis
1291 3761 1432 3806 causam

182 3843 350 3912 continet.
375 3843 412 3910 In
438 3843 547 3911 latina
570 3842 699 3931 lingua¹
728 3842 953 3910 accusativus
991 3866 1070 3911 cum
1107 3843 1283 3912 infinitivo
1323 3867 1432 3934 saepe

181 3963 374 4040 usurpatur
398 3963 434 4018 et
458 3949 493 4018 in
517 3949 838 4018 exclamationibus
863 3963 899 4017 et
922 3950 1011 4018 locis
1043 3951 1104 4019 ubi
1129 3950 1328 4039 indignatio
1362 3975 1432 4019 non

181 4058 279 4126 nulla
302 4071 338 4127 et
362 4060 415 4128 ira
439 4058 631 4127 indicatur:
657 4059 720 4127 cfr.
747 4057 820 4127 Cic.
846 4057 948 4126 Verr.
974 4081 1005 4148 5.
1030 4059 1092 4147 38'3
1110 4059 1220 4146 Verg.
1239 4059 1329 4128 Aen.
1348 4060 1372 4128 1.
1384 4077 1429 4147 '41

184 4174 200 4206 ‘⁴
219 4165 322 4236 Mene
348 4168 490 4256 incepto
515 4167 691 4236 desistere
717 4166 846 4236 victam
861 4167 879 4233 l
893 4220 923 4250 „.
1106 4143 1117 4171 ⁹

317 4277 356 4363 d)
380 4277 584 4344 Adhibetur
607 4275 804 4343 infinitivus
822 4275 928 4343 etiam
945 4276 1174 4366 epexegeliaus
1198 4277 1432 4365 appositionis

180 4382 239 4449 vel
264 4405 511 4472 epexegeseos
536 4382 649 4451 instar
672 4381 715 4450 ad
741 4381 987 4450 antecedentis
1011 4381 1195 4450 cuiusdam
1221 4383 1322 4451 verbi
1359 4384 1430 4451 vim

180 4488 314 4558 maiore
340 4486 459 4558 studio
484 4502 520 4559 et
543 4512 628 4558 cura
652 4488 899 4558 illustrandam
923 4501 959 4558 et
983 4501 1064 4579 post
1088 4489 1266 4558 adiectiva
1296 4502 1332 4558 et
1355 4512 1432 4578 pro-

181 4594 325 4664 nomina
348 4595 502 4688 ponitur.
