3506 5458
1391 463 1427 510 11

182 600 266 668 nihil
302 623 436 671 novum
462 602 505 670 ad
531 603 750 670 enuntiatum
778 601 953 670 afferens:
979 603 1041 672 cir.
1078 603 1156 672 Alc.
1180 605 1244 691 891
1275 603 1430 691 “gravia

184 708 336 778 toleratu
360 714 483 799 (φέρειν)
497 734 537 792 „5
561 708 646 778 Tr0.
671 712 737 798 683
765 717 780 748 ‘⁴
796 720 915 798 μέτριος
940 719 1053 800 χειμὼν
1077 721 1177 802 φέρειν
1195 737 1232 795 ,,;
1264 711 1348 782 Tro.
1364 715 1430 804 885

180 815 329 902 (εἰδόναι);
357 839 443 903 1140
476 821 576 890 λόπας
611 818 701 903 όρᾱν;
741 839 823 908 1157
864 819 995 887 “triste
1031 820 1273 909 spectaculum
1311 844 1427 910 neque

181 938 320 1012 gratum
344 936 491 1013 aspectu
517 923 601 993 mihi
625 929 782 1011 (λεόσσειν)
797 951 832 1010 ,,;
850 925 929 994 Hel.
950 947 1035 1016 1540
1065 929 1247 1016 “speciosi
1281 928 1426 1016 quidem

180 1031 245 1098 sed
267 1031 423 1120 squalidi
448 1043 595 1120 aspectu
619 1033 715 1118 (δρᾶν)
731 1087 758 1118 ‚,.

267 1137 354 1207 Post
377 1139 555 1208 adiectiva
578 1139 722 1228 ponitur
746 1140 942 1210 infinitivus
960 1164 1030 1210 non
1049 1141 1155 1210 nullis
1180 1142 1267 1210 locis
1293 1142 1426 1229 aliquid

180 1246 262 1314 novi
286 1247 467 1316 adiciens:
491 1247 554 1317 cfr.
579 1248 657 1316 Alc.
681 1270 747 1336 434
774 1249 914 1336 “digna
937 1270 1029 1336 quae
1048 1248 1131 1316 mihi
1163 1249 1358 1342 honoretur
1385 1249 1429 1332 (ἀ-

178 1356 229 1428 tta
249 1361 347 1444 τιμᾶν)
363 1379 399 1440 „;
423 1340 490 1444 230
516 1362 531 1393 ‘⁴
546 1379 664 1425 nonne
689 1357 799 1445 digna
822 1358 910 1424 haec
929 1368 1012 1424 sunt
1037 1368 1072 1424 et
1096 1357 1206 1424 caede
1224 1355 1427 1444 etamplius

179 1484 284 1550 quam
309 1475 347 1530 ut
372 1463 501 1552 laqueo
525 1463 656 1530 collum
680 1463 823 1532 sublimi
849 1463 1104 1549 admoveasi„
1117 1489 1125 1546 ;
1154 1463 1238 1530 1060
1269 1467 1283 1498 “
1299 1464 1369 1538 ἀξία
1394 1467 1426 1529 δέ

178 1591 230 1654 μοι
253 1567 513 1656 αόβεινεόίςηα
536 1568 632 1636 enim
664 1581 719 1636 est
754 1592 845 1657 quae
881 1592 902 1636 a
937 1591 993 1637 me
1028 1568 1166 1636 colatur
1179 1593 1215 1651 „3
1248 1567 1327 1636 Hel.
1364 1569 1426 1658 69;

180 1695 283 1764 1052:
306 1677 426 1762 ἕτοιμος
460 1681 541 1762 λόγῳ
575 1680 678 1742 θανεῖν
701 1708 722 1734 =
746 1689 890 1765 paratus
926 1697 1004 1744 sum
1038 1675 1160 1743 verbis
1193 1675 1301 1758 mori;
1342 1698 1427 1766 1523

180 1789 196 1819 “
211 1782 321 1850 εἰδέναι
346 1788 506 1870 πρόθυμος
521 1835 550 1866 „.

303 1892 348 1979 s)
370 1889 570 1959 Infinitivus
587 1891 700 1982 finali
720 1892 758 1958 vi
779 1890 973 1980 praedituS,
992 1889 1098 1958 finem
1127 1890 1289 1958 indicans
1318 1913 1425 1978 quem

175 2000 256 2087 quis
280 2001 349 2070 sibi
374 2001 570 2091 proposuit,
595 2001 688 2090 apud
714 2013 857 2090 poetam
882 2013 1041 2068 nostrum
1075 2000 1366 2090 frequentissime
1391 2025 1426 2068 u-

173 2121 355 2198 surpatur.

266 2216 390 2282 Astiterit
413 2236 492 2281 cum
519 2213 695 2282 infinitivo
718 2213 837 2282 finali:
861 2213 940 2282 Alc.
965 2215 1029 2303 657
1065 2221 1080 2252 “
1095 2213 1143 2280 ita
1174 2225 1212 2280 ut
1244 2235 1314 2280 non
1346 2213 1425 2281 sine

173 2319 301 2390 liberis
326 2322 483 2390 moriens
507 2321 586 2390 aliis
611 2321 701 2389 hanc
726 2323 870 2389 domum
896 2322 1085 2390 relicturus
1112 2343 1211 2388 esses
1235 2322 1359 2388 orbam
1377 2319 1425 2388 di-

174 2428 376 2517 ripiendam
401 2434 524 2517 (λείψειν
548 2409 727 2515 διᾶρπόισαι)
741 2480 771 2512 „.

265 2537 357 2621 Φόρω
382 2557 460 2604 cum
485 2535 546 2602 ins.
571 2531 630 2602 fin.
654 2533 739 2602 Tro.
768 2536 852 2602 1208
878 2539 893 2570 ¹⁴
909 2542 1050 2623 φέρουσιν
1071 2535 1247 2616 tedmarum

266 2646 419 2730 Παρόχειν
443 2627 608 2710 cumini.
634 2641 691 2716 fin,
718 2641 779 2711 eir.
805 2642 884 2711 Hel.
908 2645 975 2711 812
1001 2647 1016 2678 ‘¹
1033 2657 1154 2711 tacens
1173 2641 1283 2730 igitur
1300 2665 1425 2711 manus

173 2771 275 2818 meas
299 2749 462 2838 ligandas
486 2751 677 2838 praebeam
702 2757 866 2838 (παράσχω
890 2751 1022 2840 &naudi
1039 2801 1067 2836 „.

266 2856 335 2925 lam
361 2857 396 2924 in
422 2856 578 2924 medium
603 2857 799 2946 procedant
823 2861 939 2924 διδόναι
968 2857 1117 2947 eiusque
1150 2856 1346 2945 composita
1378 2856 1425 2942 (in

172 2967 286 3036 latino
311 2987 478 3034 sermone
493 2966 557 3058 ‘his
582 2965 670 3033 locis
694 2965 788 3034 sicut
811 2967 917 3034 etiam
944 2966 1073 3034 ceteris
1091 2967 1284 3055 dequibus
1317 2989 1426 3056 supra

172 3071 284 3142 locuti
309 3093 443 3155 sumuS,
469 3084 661 3160 usurpatur
685 3071 791 3138 etiam
816 3073 1029 3160 gerundium
1054 3095 1134 3140 cum
1159 3072 1425 3163 praepositione

147 3183 222 3249 'ad
245 3178 474 3249 coniunctum
499 3178 557 3246 vel
583 3178 822 3265 gerundivum
848 3192 908 3247 aut
932 3181 1098 3269 supinum
1124 3181 1158 3247 in
1184 3204 1252 3264 um,
1278 3192 1338 3248 aut
1369 3205 1425 3249 no·

171 3307 259 3352 vum
285 3284 536 3353 secundarium
562 3284 784 3352 enuntiatum
809 3307 888 3352 cum
926 3285 1100 3373 particula
1134 3295 1172 3352 ut
1207 3286 1265 3354 vel
1301 3309 1426 3376 prono-

173 3392 270 3460 mine
295 3391 448 3460 relativo
473 3413 552 3458 cum
588 3391 847 3476 coniunctivo);
884 3392 963 3461 Alc.
1001 3414 1103 3478 1024;
1135 3389 1219 3460 Tro.
1245 3415 1311 3483 450
1338 3397 1425 3462 “me

171 3500 310 3566 dabunt
334 3497 421 3566 seris
447 3498 659 3582 laniandam,
684 3499 864 3588 Apollinis
896 3501 1120 3569 sacerdotem
1136 3523 1173 3584 „;
1209 3522 1274 3589 454
1314 3501 1425 3570 “dem

171 3606 355 3674 celeribus
380 3605 476 3673 auris
502 3605 651 3674 ferenda
674 3607 761 3674 haee
787 3607 862 3691 tibi,
886 3632 908 3675 o
933 3631 997 3676 rex
1015 3606 1169 3676 vaticine
1186 3632 1220 3694 „;
1245 3609 1311 3696 874
1338 3610 1426 3678 “de-

172 3715 306 3782 derunt
331 3736 409 3781 eam
435 3713 519 3781 mihi
546 3713 827 3783 interficiendam
847 3741 883 3800 „3
917 3716 984 3806 878
1011 3723 1026 3754 ‘¹
1042 3720 1146 3781 δοῦναι
1177 3729 1292 3782 κτανεῖν
1305 3769 1320 3800 „
1348 3716 1426 3784 sine

171 3818 297 3888 dativo
321 3842 516 3908 personae;
540 3843 607 3908 902
635 3829 699 3889 “te
723 3822 805 3889 mihi
842 3822 941 3891 dedit
977 3821 1259 3891 interficiendam
1275 3849 1312 3908 „;
1345 3823 1425 3892 Hel.

172 3927 240 4012 624
268 3933 283 3964 ‘⁴
298 3949 319 3993 o
345 3939 547 4016 exoptatam
573 3929 678 4013 diem,
703 3952 795 4017 quae
820 3943 854 3997 te
880 3931 915 3998 in
941 3930 1043 3998 ulnas
1069 3954 1166 3999 meas
1184 3931 1425 4020 recipiendam

173 4032 303 4116 dedit„
331 4055 410 4101 cum
436 4056 557 4123 praep.
575 4036 618 4109 εἰς
635 4058 700 4125 pro
718 4035 839 4103 dativo
857 4060 1033 4126 personae
1044 4062 1052 4120 ;
1076 4061 1143 4125 910
1158 4041 1253 4105 ἔδωκε
1269 4047 1382 4115 σώζειν.

61 4131 65 4142 ’
265 4139 473 4228 Sequuntur
498 4165 590 4210 nunc
617 4144 813 4232 composita
837 4167 882 4211 ex
908 4149 1025 4212 διδόναι
1048 4158 1083 4214 et
1107 4146 1226 4234 aliqua
1249 4149 1427 4238 praeposi-

175 4248 294 4315 tione:
319 4251 496 4333 προδιδόναι
521 4255 586 4316 τινὰ
610 4255 712 4317 θανεῖν
737 4249 772 4316 in
796 4251 883 4346 Ale,
911 4252 994 4339 659;
1031 4256 1233 4338 παραδιδόναι
1269 4254 1304 4321 in
1342 4255 1426 4323 Tr0.

174 4377 240 4441 419
274 4361 364 4424 “tua
401 4358 563 4442 convicia
595 4358 629 4427 in
660 4359 819 4446 Argivos
856 4373 891 4428 et
929 4361 1109 4450 Phrygum
1148 4362 1272 4430 laudes
1309 4365 1426 4431 ventis

175 4463 324 4532 ferenda
348 4466 508 4533 concedo
524 4490 560 4550 „;
585 4467 764 4533 ἀποδιδόναι
790 4466 825 4534 in
849 4467 930 4536 Hel.
961 4490 1045 4535 1012
1081 4467 1267 4535 “όιπὲδωνεν
1299 4471 1380 4556 ἔχειν
1395 4511 1425 4554 „·
1492 4537 1494 4542 ,

263 4571 396 4660 Πέριπειν
414 4594 493 4640 eum
519 4573 579 4642 inf.
603 4573 700 4652 finali
725 4587 917 4664 usurpatur
941 4575 984 4642 ad
1011 4573 1238 4642 indicandum
1263 4597 1342 4642 eum
1362 4577 1424 4664 qui
